@article {Iran,
	author = {Ghaffarzadegan, Navid and Rahmandad, Hazhir},
	title = {Simulation-based Estimation of the Spread of COVID-19 in Iran},
	elocation-id = {2020.03.22.20040956},
	year = {2020},
	doi = {10.1101/2020.03.22.20040956},
	publisher = {Cold Spring Harbor Laboratory Press}}

@article{Simulazioni,
author = {Christine S.M. Currie and John W. Fowler and Kathy Kotiadis and Thomas Monks and Bhakti Stephan Onggo and Duncan A. Robertson and Antuela A. Tako},
title = {},
journal = {Journal of Simulation},
volume = {14},
number = {2},
pages = {83-97},
year  = {2020},
publisher = {Taylor & Francis},
doi = {10.1080/17477778.2020.1751570},
URL = {https://doi.org/10.1080/17477778.2020.1751570},
eprint = {https://doi.org/10.1080/17477778.2020.1751570}}


@article{HongKong,
	author = {Zhang, Nan and Jia, Wei and Wang, Peihua and Dung, Chung Hin and Zhao, Pengcheng and Leung, Kathy and Su, Boni and Cheng, Reynold and Li, Yuguo},
	year = {2021},
	month = {02},
	pages = {103139},
	title = {Changes in local travel behaviour before and during the COVID-19 pandemic in Hong Kong},
	volume = {112},
	journal = {Cities},
	doi = {10.1016/j.cities.2021.103139}
}
@article{Madrid,
	title={Simulation of COVID-19 propagation scenarios in the Madrid metropolitan area},
	author={Singh, David E and Marinescu, Maria-Cristina and Guzm{\'a}n-Merino, Miguel and Dur{\'a}n, Christian and Delgado-Sanz, Concepci{\'o}n and Gomez-Barroso, Diana and Carretero, Jesus},
	journal={Frontiers in public health},
	volume={9},
	pages={172},
	year={2021},
	publisher={Frontiers}
}
@article{Singapore,
	title={Modeling epidemic spreading through public transit using time-varying encounter network},
	author={Mo, Baichuan and Feng, Kairui and Shen, Yu and Tam, Clarence and Li, Daqing and Yin, Yafeng and Zhao, Jinhua},
	journal={Transportation Research Part C: Emerging Technologies},
	volume={122},
	pages={102893},
	year={2021},
	publisher={Elsevier}
}
@article{Obuse,
	title={Estimating bus passenger volume based on a Wi-Fi scanner survey},
	author={Hidayat, Arief and Terabe, Shintaro and Yaginuma, Hideki},
	journal={Transportation Research Interdisciplinary Perspectives},
	volume={6},
	pages={100142},
	year={2020},
	publisher={Elsevier}
}